@article{DBLP:journals/corr/abs-1906-02059,
  author    = {Ilias Chalkidis and
               Ion Androutsopoulos and
               Nikolaos Aletras},
  title     = {Neural Legal Judgment Prediction in English},
  journal   = {CoRR},
  volume    = {abs/1906.02059},
  year      = {2019},
  url       = {http://arxiv.org/abs/1906.02059},
  eprinttype = {arXiv},
  eprint    = {1906.02059},
  timestamp = {Thu, 13 Jun 2019 13:36:00 +0200},
  biburl    = {https://dblp.org/rec/journals/corr/abs-1906-02059.bib},
  bibsource = {dblp computer science bibliography, https://dblp.org}
}

@article{DBLP:journals/corr/abs-1810-04805,
  author    = {Jacob Devlin and
               Ming{-}Wei Chang and
               Kenton Lee and
               Kristina Toutanova},
  title     = {{BERT:} Pre-training of Deep Bidirectional Transformers for Language
               Understanding},
  journal   = {CoRR},
  volume    = {abs/1810.04805},
  year      = {2018},
  url       = {http://arxiv.org/abs/1810.04805},
  eprinttype = {arXiv},
  eprint    = {1810.04805},
  timestamp = {Tue, 30 Oct 2018 20:39:56 +0100},
  biburl    = {https://dblp.org/rec/journals/corr/abs-1810-04805.bib},
  bibsource = {dblp computer science bibliography, https://dblp.org}
}
